@online{MSODBC,
    author    = {Microsoft},
    title     = {Microsoft Open Database Connectivity (ODBC)},
    year      = {2023},
    url       = {https://learn.microsoft.com/de-de/sql/odbc/microsoft-open-database-connectivity-odbc?view=sql-server-ver16},
    note      = {14.11.2023}
},

@online{ODBC,
    url       = {https://www.codelessplatforms.com/docs/what-is-odbc/},
    note      = {14.11.2023}
},
@online{REST,
    url       = {https://www.seobility.net/de/wiki/images/f/f1/Rest-API.png},
    note      = {14.11.2023}
}
